%% This BibTeX bibliography file was created using BibDesk.
%% http://bibdesk.sourceforge.net/


%% Created for Daniel McDonald at 2011-10-11 11:37:02 -0400 


%% Saved with string encoding Unicode (UTF-8) 



@article{ArlotCelisse2010,
	Author = {Arlot, S. and Celisse, A.},
	Journal = {Statistics Surveys},
	Pages = {40--79},
	Title = {A survey of cross-validation procedures for model selection},
	Volume = {4},
	Year = {2010}}

@article{CandesTao2005,
	Author = {Candes, E.J. and Tao, T.},
	Journal = {Information Theory, IEEE Transactions on},
	Number = {12},
	Pages = {4203--4215},
	Title = {Decoding by linear programming},
	Volume = {51},
	Year = {2005}}

@article{CandesRomberg2006,
	Author = {Candes, E.J. and Romberg, J.K. and Tao, T.},
	Journal = {Communications on pure and applied mathematics},
	Number = {8},
	Pages = {1207--1223},
	Title = {Stable signal recovery from incomplete and inaccurate measurements},
	Volume = {59},
	Year = {2006}}

@article{ChenDonoho1998,
	Author = {Chen, S.S. and Donoho, D.L. and Saunders, M.A.},
	Journal = {SIAM Journal on Scientific Computing},
	Number = {1},
	Pages = {33--61},
	Title = {Atomic decomposition by basis pursuit},
	Volume = {20},
	Year = {1998}}

@article{DattaLe-Rademacher2007,
	Author = {Datta, S. and Le-Rademacher, J. and Datta, S.},
	Journal = {Biometrics},
	Number = {1},
	Pages = {259--271},
	Title = {Predicting patient survival from microarray data by accelerated failure time modeling using partial least squares and LASSO},
	Volume = {63},
	Year = {2007}}

@article{EfronHastie2004,
	Author = {Efron, B. and Hastie, T. and Johnstone, I. and Tibshirani, R.},
	Journal = {The Annals of statistics},
	Number = {2},
	Pages = {407--499},
	Title = {Least angle regression},
	Volume = {32},
	Year = {2004}}

@article{FuKnight2000,
	Author = {Fu, W. and Knight, K.},
	Journal = {Annals of Statistics},
	Number = {5},
	Pages = {1356--1378},
	Title = {Asymptotics for Lasso-type estimators},
	Volume = {28},
	Year = {2000}}

@article{GreenshteinRitov2004,
	Author = {Greenshtein, E. and Ritov, Y.A.},
	Journal = {Bernoulli},
	Number = {6},
	Pages = {971--988},
	Title = {Persistence in high-dimensional linear predictor selection and the virtue of overparametrization},
	Volume = {10},
	Year = {2004}}

@book{HastieTibshirani2009,
	Author = {Hastie, T. and Tibshirani, R. and Friedman, J.},
	Publisher = {Springer Verlag},
	Series = {Springer Series in Statistics},
	Title = {The Elements of Statistical Learning: {D}ata Mining, Inference, and Prediction},
	Year = {2009}}

@inproceedings{JamesStein1961,
	Author = {James, W. and Stein, C.},
	Booktitle = {Proceedings of the 4th Berkeley Symposium on Mathematical Statistics and Probability, Vol. I},
	Organization = {University of California Press},
	Pages = {361--379},
	Title = {Estimation with quadratic loss},
	Year = {1961}}

@inproceedings{LeeZhu2010,
	Author = {Seunghak Lee and Jun Zhu and Eric Xing},
	Booktitle = {Advances in Neural Information Processing Systems},
	Editor = {J. Lafferty and C. K. I. Williams and J. Shawe-Taylor and R.S. Zemel and A. Culotta},
	Pages = {1306--1314},
	Title = {Adaptive Multi-Task Lasso: with Application to eQTL Detection},
	Volume = {23},
	Year = {2010}}

@article{LengLin2006,
	Author = {Leng, C. and Lin, Y. and Wahba, G.},
	Journal = {Statistica Sinica},
	Number = {4},
	Pages = {1273--1284},
	Title = {A note on the lasso and related procedures in model selection},
	Volume = {16},
	Year = {2006}}

@article{MeinshausenBuhlmann2006,
	Author = {Meinshausen, N. and B{\"u}hlmann, P.},
	Journal = {The Annals of Statistics},
	Number = {3},
	Pages = {1436--1462},
	Title = {High-dimensional graphs and variable selection with the lasso},
	Volume = {34},
	Year = {2006}}

@article{Newey1991,
	Author = {Newey, W.K.},
	Journal = {Econometrica},
	Number = {4},
	Pages = {1161--1167},
	Title = {Uniform convergence in probability and stochastic equicontinuity},
	Volume = {59},
	Year = {1991}}

@article{PanXie2010,
	Author = {Pan, Wei and Xie, Benhuai and Shen, Xiaotong},
	Journal = {Biometrics},
	Number = {2},
	Pages = {474--484},
	Title = {Incorporating Predictor Network in Penalized Regression with Application to Microarray Data},
	Volume = {66},
	Year = {2010}}

@article{ShiWahba2008,
	Author = {Shi, W. and Wahba, G. and Wright, S. and Lee, K. and Klein, R. and Klein, B.},
	Journal = {Statistics and its Interface},
	Number = {1},
	Pages = {137},
	Title = {LASSO-Patternsearch algorithm with application to ophthalmology and genomic data},
	Volume = {1},
	Year = {2008}}

@article{Stein1981a,
	Author = {Stein, C.M.},
	Journal = {The Annals of Statistics},
	Pages = {1135--1151},
	Title = {Estimation of the mean of a multivariate normal distribution},
	Year = {1981}}

@article{Stone1974,
	Author = {Stone, M.},
	Journal = {Journal of the Royal Statistical Society. Series B (Methodological)},
	Number = {2},
	Pages = {111--147},
	Title = {Cross-validatory choice and assessment of statistical predictions},
	Volume = {36},
	Year = {1974}}

@article{Tibshirani2011,
	Author = {Tibshirani, R.},
	Journal = {Journal of the Royal Statistical Society: Series B (Statistical Methodology)},
	Number = {3},
	Pages = {273--282},
	Title = {Regression shrinkage and selection via the lasso: a retrospective},
	Volume = {73},
	Year = {2011}}

@article{Tibshirani1996,
	Author = {Tibshirani, R.},
	Journal = {Journal of the Royal Statistical Society. Series B (Methodological)},
	Number = {1},
	Pages = {267--288},
	Title = {Regression shrinkage and selection via the lasso},
	Volume = {58},
	Year = {1996}}

@book{Wahba1990,
	Address = {Philadelphia, PA},
	Author = {Wahba, Grace},
	Publisher = {Society for Industrial and Applied Mathematics (SIAM)},
	Series = {CBMS-NSF Regional Conference Series in Applied Mathematics},
	Title = {Spline models for observational data},
	Volume = {59},
	Year = {1990}}

@book{Wasserman2004,
	Author = {Wasserman, Larry},
	Publisher = {Springer Verlag},
	Title = {All of nonparametric statistics},
	Year = {2004}}

@inproceedings{XuMannor2008,
	Author = {Xu, H. and Mannor, S. and Caramanis, C.},
	Booktitle = {46th Annual Allerton Conference on Communication, Control, and Computing,},
	Organization = {IEEE},
	Pages = {1299--1303},
	Title = {Sparse algorithms are not stable: {A} no-free-lunch theorem},
	Year = {2008}}

@article{YeZhang2010,
	Author = {Ye, F. and Zhang, C.H.},
	Journal = {The Journal of Machine Learning Research},
	Pages = {3519--3540},
	Title = {Rate Minimaxity of the Lasso and Dantzig Selector for the lq Loss in lr Balls},
	Volume = {11},
	Year = {2010}}

@article{ZhaoYu2006,
	Author = {Zhao, P. and Yu, B.},
	Journal = {The Journal of Machine Learning Research},
	Pages = {2541--2563},
	Title = {On model selection consistency of {Lasso}},
	Volume = {7},
	Year = {2006}}
